<record><leader>00000cas a2200000 a 4500</leader><controlfield tag="001">12593499</controlfield><controlfield tag="008">850924d19611963ksuwr ne      0    0eng d</controlfield><datafield ind1=" " ind2=" " tag="010"><subfield code="a">sn 85032438 </subfield></datafield><datafield ind1=" " ind2=" " tag="040"><subfield code="a">KSH</subfield><subfield code="b">eng</subfield><subfield code="c">KSH</subfield><subfield code="d">NPT</subfield><subfield code="d">OCL</subfield><subfield code="d">OCLCQ</subfield></datafield><datafield ind1=" " ind2=" " tag="042"><subfield code="a">msc</subfield></datafield><datafield ind1="0" ind2="0" tag="245"><subfield code="a">Haysville news.</subfield></datafield><datafield ind1=" " ind2=" " tag="260"><subfield code="a">Haysville, Kan. :</subfield><subfield code="b">Larry Ricketts,</subfield><subfield code="c">1961-1963.</subfield></datafield><datafield ind1=" " ind2=" " tag="300"><subfield code="a">3 v. :</subfield><subfield code="b">ill. ;</subfield><subfield code="c">57 cm.</subfield></datafield><datafield ind1=" " ind2=" " tag="310"><subfield code="a">Weekly</subfield></datafield><datafield ind1="0" ind2=" " tag="362"><subfield code="a">Vol. 1, no. 92 (Apr. 6, 1961)-v. 3, no. 49 (Oct. 24, 1963).</subfield></datafield><datafield ind1=" " ind2=" " tag="500"><subfield code="a">Published by: W.W. Communications and Weekly Publishers, June 7, 1962-Apr. 25, 1963; Larry Ricketts, May 2-Oct. 24, 1963.</subfield></datafield><datafield ind1=" " ind2=" " tag="500"><subfield code="a">Includes section called: Clearwater happenings, Nov. 9, 1961-Oct. 24, 1963.</subfield></datafield><datafield ind1=" " ind2=" " tag="752"><subfield code="a">United States</subfield><subfield code="b">Kansas</subfield><subfield code="c">Sedgwick</subfield><subfield code="d">Haysville.</subfield></datafield><datafield ind1="0" ind2="0" tag="780"><subfield code="t">Haysville daily news</subfield><subfield code="w">(DLC)sn 85032439</subfield></datafield><datafield ind1="0" ind2="0" tag="785"><subfield code="t">Haysville daily reporter</subfield><subfield code="w">(DLC)sn 85032437</subfield></datafield><datafield ind1="1" ind2=" " tag="029"><subfield code="a">AU@</subfield><subfield code="b">000022165682</subfield></datafield></record>